@book{DSL1,
  title={Language Implementation Patterns},
  author={Parr, Terence},
  volume={1993},
  year={2010},
  publisher={The Pragmatic Bookshelf}
}

@misc{DSL_site,
  author = {Wikipedia},
  title = {{Domain-specific Language}},
  howpublished = "\url{https://en.wikipedia.org/wiki/Domain-specific_language/}",
  note = "[Online; accessed 01-April-2016]"
}

@book{Fowler:2010:DSL:1809745,
 author = {Fowler, Martin},
 title = {Domain Specific Languages},
 year = {2010},
 isbn = {0321712943, 9780321712943},
 edition = {1st},
 publisher = {Addison-Wesley Professional},
} 

@article{Shen:2014:RSB:2639036.2629335,
 author = {Shen, Bor-Yeh and Hsu, Wei-Chung and Yang, Wuu},
 title = {A Retargetable Static Binary Translator for the ARM Architecture},
 journal = {ACM Trans. Archit. Code Optim.},
 issue_date = {June 2014},
 volume = {11},
 number = {2},
 month = jun,
 year = {2014},
 issn = {1544-3566},
 pages = {18:1--18:25},
 articleno = {18},
 numpages = {25},
 url = {http://doi.acm.org/10.1145/2629335},
 doi = {10.1145/2629335},
 acmid = {2629335},
 publisher = {ACM},
 address = {New York, NY, USA},
 keywords = {Binary translation, compiler, intermediate representation, retargeting},
} 

@article{DBT1,
  author  = "Salgado, F. and Mendes, J. and Tavares, A. and Ekpanyapong, M. ", 
  title   = {Leveraging On-Chip Debug Features for Condition
Codes Handling in Dynamic Binary Translation}, 
  journal = {IEEE},
  year    = 2014
}

@article{BinaryTranslation,
author  = {Mark Probst}, 
title   = {Dynamic Binary Translation},
journal = {CD Laboratory for Compilation Techniques},
year    = 2014
}

@article{BinaryTranslation2,
author  = {Sridhar, Swaroop and S. Shapiro, Jonathan and Northup, Eric and P. Bungale, Prashanth}, 
title   = {HDTrans: An Open Source, Low-Level Dynamic
Instrumentation System},
year    = 2006
}

@article{BinaryTranslation_example,
author  = {Elliott, Scott and Hutchinson, Phillip}, 
title   = {System and method for trans-compiling video games},
year    = 2010
}


@misc{SCA_site,
  author = {David Chappell},
  title = {{INTRODUCING SCA}},
  howpublished = "\url{http://www.davidchappell.com/writing/Introducing_SCA/}",
  note = "[Online; accessed 26-June-2016]"
}
